<record><leader>00000cas a22000007a 4500</leader><controlfield tag="001">10010626</controlfield><controlfield tag="008">831013c19699999cauwr ne      0   a0eng d</controlfield><datafield ind1=" " ind2=" " tag="010"><subfield code="a">sn 83004708 </subfield></datafield><datafield ind1=" " ind2=" " tag="040"><subfield code="a">NSD</subfield><subfield code="b">eng</subfield><subfield code="c">NSD</subfield><subfield code="d">CNK</subfield><subfield code="d">OCLCQ</subfield><subfield code="d">OCLCF</subfield><subfield code="d">OCLCO</subfield></datafield><datafield ind1=" " ind2=" " tag="012"><subfield code="m">1</subfield></datafield><datafield ind1="1" ind2=" " tag="022"><subfield code="a">0746-3871</subfield><subfield code="l">0746-3871</subfield><subfield code="2">1</subfield></datafield><datafield ind1="1" ind2=" " tag="029"><subfield code="a">AU@</subfield><subfield code="b">000020225679</subfield></datafield><datafield ind1=" " ind2=" " tag="032"><subfield code="a">124800</subfield><subfield code="b">USPS</subfield></datafield><datafield ind1=" " ind2=" " tag="037"><subfield code="b">Virginia Kizer, 555 7th St., Williams, CA 95987</subfield></datafield><datafield ind1=" " ind2=" " tag="042"><subfield code="a">nsdp</subfield></datafield><datafield ind1=" " ind2=" " tag="043"><subfield code="a">n-us-ca</subfield></datafield><datafield ind1=" " ind2="4" tag="222"><subfield code="a">The Colusa County farmer</subfield></datafield><datafield ind1="0" ind2="0" tag="245"><subfield code="a">Colusa County farmer.</subfield></datafield><datafield ind1=" " ind2=" " tag="260"><subfield code="a">Williams, Calif. :</subfield><subfield code="b">Robert J. Weston</subfield></datafield><datafield ind1=" " ind2=" " tag="310"><subfield code="a">Weekly</subfield></datafield><datafield ind1="0" ind2=" " tag="362"><subfield code="a">Vol. 83, no. 27 (July 3, 1969)-</subfield></datafield><datafield ind1=" " ind2=" " tag="580"><subfield code="a">Formed by the union of: the Arbuckle American, and: Maxwell tribune (Maxwell, Calif. : 1919), and: Williams farmer.</subfield></datafield><datafield ind1=" " ind2="0" tag="651"><subfield code="a">Colusa County (Calif.)</subfield><subfield code="v">Newspapers.</subfield></datafield><datafield ind1=" " ind2="7" tag="655"><subfield code="a">Newspapers.</subfield><subfield code="2">fast</subfield><subfield code="0">(OCoLC)fst01423814</subfield></datafield><datafield ind1=" " ind2="7" tag="651"><subfield code="a">California</subfield><subfield code="z">Colusa County.</subfield><subfield code="2">fast</subfield><subfield code="0">(OCoLC)fst01202971</subfield></datafield><datafield ind1=" " ind2=" " tag="752"><subfield code="a">United States</subfield><subfield code="b">California</subfield><subfield code="c">Colusa</subfield><subfield code="d">Williams.</subfield></datafield><datafield ind1="1" ind2="4" tag="780"><subfield code="t">Arbuckle American</subfield><subfield code="w">(DLC)sn 92069430</subfield></datafield><datafield ind1="1" ind2="4" tag="780"><subfield code="t">Maxwell tribune (Maxwell, Calif. : 1919)</subfield><subfield code="w">(DLC)sn 97060829</subfield></datafield><datafield ind1="1" ind2="4" tag="780"><subfield code="t">Williams farmer</subfield><subfield code="w">(DLC)sn 86064462</subfield></datafield><datafield ind1=" " ind2=" " tag="936"><subfield code="a">Sept. 7, 1983</subfield></datafield></record>